<record><leader>00000cas a22000007a 4500</leader><controlfield tag="001">17414414</controlfield><controlfield tag="008">880130d18911962iauwr ne      0    0eng d</controlfield><datafield ind1=" " ind2=" " tag="010"><subfield code="a">sn 88059296 </subfield></datafield><datafield ind1=" " ind2=" " tag="040"><subfield code="a">INP</subfield><subfield code="b">eng</subfield><subfield code="c">INP</subfield><subfield code="d">OCLCQ</subfield></datafield><datafield ind1=" " ind2=" " tag="042"><subfield code="a">msc</subfield></datafield><datafield ind1="0" ind2="0" tag="245"><subfield code="a">Aplington news.</subfield></datafield><datafield ind1=" " ind2=" " tag="260"><subfield code="a">Aplington, Iowa :</subfield><subfield code="b">M.C. Keenan,</subfield><subfield code="c">1891-</subfield></datafield><datafield ind1=" " ind2=" " tag="300"><subfield code="a">v.</subfield></datafield><datafield ind1=" " ind2=" " tag="310"><subfield code="a">Weekly</subfield></datafield><datafield ind1="0" ind2=" " tag="362"><subfield code="a">Vol. 1, no. 1 (June 24, 1891)-</subfield></datafield><datafield ind1="1" ind2=" " tag="362"><subfield code="a">Ceased in 1962?</subfield></datafield><datafield ind1=" " ind2=" " tag="500"><subfield code="a">Publisher varies.</subfield></datafield><datafield ind1=" " ind2=" " tag="752"><subfield code="a">United States</subfield><subfield code="b">Iowa</subfield><subfield code="c">Butler</subfield><subfield code="d">Aplington.</subfield></datafield><datafield ind1="0" ind2="7" tag="785"><subfield code="t">Parkersburg eclipse and the New Hartford, Iowa, review, consolidated</subfield><subfield code="w">(DLC)sn 87058425</subfield></datafield><datafield ind1="0" ind2="7" tag="785"><subfield code="t">Parkersburg eclipse, the Aplington news and the New Hartford, Iowa, review</subfield><subfield code="w">(DLC)sn 87058426</subfield></datafield></record>